% TODO : Remplacer les citations entre parenthèse avec auteur par des citations entre crochet avec le nombre.

@inproceedings{lefebvre2021oct,
    author = {Lefebvre, J. and others},
    title = {{Localization and imaging of white matter fiber crossings in whole mouse brains using diffusion MRI and serial blockface OCT}},
    volume = {11629},
    booktitle = {Optical Techniques in Neurosurgery, Neurophotonics, and Optogenetics},
    editor = {Victor X. D. Yang and others},
    organization = {International Society for Optics and Photonics},
    publisher = {{SPIE}},
    pages = {110--117},
    keywords = {Whole Brain Imaging, Neurophotonics, Multimodal Imaging, Diffusion MRI, Optical Coherence Tomography, Serial Blockface Histology},
    year = {2021},
    doi = {10.1117/12.2577648},
    url = {https://doi.org/10.1117/12.2577648}
}

@inproceedings{oliveirasicard2021orientation3d,
    author = {De Oliveira-Sicard, G. and others},
    year = {2021},
    title = {{Détection au niveau cellulaire de l’orientation 3D de la matière blanche pour la tractographie basée sur la microscopie par nappe de lumière}},
    booktitle = {3e colloque scientifique du CERMO},
    url = {https://linum.info.uqam.ca/fr/recherche/2021-stage-deOliveira-Sicard},
    annote = {https://github.com/linum-uqam/stage-2021-gael/blob/main/Rapport.pdf},
    type = {Conference Paper}
}

@article{maierhein2017mappingconnectomedifftracto,
    author = {Maier-Hein, K. H. and others},
    year = {2017},
    title = {The challenge of mapping the human connectome based on diffusion tractography},
    journal = {Nat Commun},
    volume = {8},
    number = {1},
    pages = {1349},
    issn = {2041-1723 (Electronic)
2041-1723 (Linking)},
    doi = {10.1038/s41467-017-01285-x},
    url = {https://www.ncbi.nlm.nih.gov/pubmed/29116093},
    type = {Journal Article}
}

@article{yeh2013diffmicrosim,
    author = {Yeh, C. H. and others},
    year = {2013},
    title = {Diffusion microscopist simulator: a general Monte Carlo simulation system for diffusion magnetic resonance imaging},
    journal = {PLoS One},
    volume = {8},
    number = {10},
    pages = {e76626},
    issn = {1932-6203 (Electronic)
1932-6203 (Linking)},
    doi = {10.1371/journal.pone.0076626},
    url = {https://www.ncbi.nlm.nih.gov/pubmed/24130783},
    type = {Journal Article}
}

@unpublished{lefebvre2019augserialblockfacehist,
    author = {Lefebvre, J.},
    year = {2019},
    title = {Augmented serial blockface histology},
    address = {Fonds de recherche du Québec, Nature et technologies (FRQNT)},
    note = {University of Québec at Montréal (UQÀM), Département d'informatique},
    type = {Unpublished Work}
}

@unpublished{lefebvre2021psocrt,
    author = {Lefebvre, J.},
    year = {2021},
    title = {Polarization-Sensitive Optical coherence refraction tomography},
    address = {Fonds de recherche du Québec, Nature et technologies (FRQNT)},
    note = {University of Québec at Montréal (UQÀM), Laboratoire de recherche en Imagerie NUmérique et Microscopie (LINUM)},
    type = {Unpublished Work}
}

@article{zhou2019ocrt,
    author = {Zhou, K. C. and others},
    year = {2019},
    title = {Optical coherence refraction tomography},
    journal = {Nature Photonics},
    volume = {13},
    number = {11},
    pages = {794--802},
    issn = {1749-4885
1749-4893},
    doi = {10.1038/s41566-019-0508-1},
    url = {https://doi.org/10.1038/s41566-019-0508-1},
    type = {Journal Article}
}

@article{neher2014fiberfox,
    author = {Neher, P. F. and others},
    year = {2014},
    title = {Fiberfox: facilitating the creation of realistic white matter software phantoms},
    journal = {Magnetic Resonance in Medicine},
    volume = {72},
    number = {5},
    pages = {1460--1470},
    issn = {1522-2594 (Electronic)
0740-3194 (Linking)},
    doi = {10.1002/mrm.25045},
    url = {https://www.ncbi.nlm.nih.gov/pubmed/24323973},
    type = {Journal Article}
}

@unpublished{dubreuil2022inf6200,
    author = {Dubreuil, B. and others},
    year = {2022},
    title = {Rapport final: \MakeUppercase{INF6200}, Initiation à la recherche},
    publisher = {Université du Québec à Montréal},
    url = {https://github.com/linum-uqam/inf6200-h2022-benoit-dubreuil/blob/main/report/2022_inf6200_benoit_dubreuil.pdf},
    type = {Unpublished Work}
}

@misc{valcourtcaron2022simulationgenerator,
    author = {Valcourt Caron, A.},
    title = {Simulation Generator},
    howpublished = {\url{https://github.com/AlexVCaron/voxsim}},
    year = {2018},
    note = {Accessed: 2022-06-16},
}

@misc{descoteauxvalcourtcaron2022othertoolsthanfiberfox,
    author = {Descoteaux, M. and Valcourt Caron, A.},
    year = {2022},
    title = {Are there any other tools than Fiberfox to generate white matter fiber bundles?},
    month = {March 21},
    type = {Personal Communication},
    note = {virtual conversation}
}

@misc{neher2014fiberfoxfigure4,
    author = {Neher, P. F. and others},
    year = {2014},
    title = {Fiber configurations generated with Fiberfox},
    isbn = {1522-2594 (Electronic)
0740-3194 (Linking)},
    doi = {10.1002/mrm.25045},
    howpublished = {\url{https://onlinelibrary.wiley.com/cms/asset/450f6ca8-51e4-4d39-9e39-be1a54518e6c/mrm25045-fig-0004-m.jpg}},
    note = {Figure 4},
    annote = {Fiber configurations generated with Fiberfox. Examples of twisting (a), fanning (b), highly curved (c), kissing (d), 45° crossing fibers with a rectangular profile shape (e), and a complex structure including fanning, twisting and bending fibers with a roughly frayed profile shape (f), colored according to the tangent direction, as well as of the corresponding tensor (a–d,f) or Q-ball (e) images. The images are represented as FA maps superimposed by the maximum normalized glyphs of the radially projected diffusion tensors or the ODF glyph respectively.},
    type = {Figure}
}
